% use `texdoc biblatex` to get help
@article{wu2023controversial,
  title={The controversial Southern Ocean air-sea CO2 flux in the era of autonomous ocean observations},
  author={Wu, Yingxu and Qi, Di},
  journal={Science Bulletin},
  volume={68},
  number={21},
  pages={2519--2522},
  year={2023}
}
@article{arteaga2020seasonal,
  title={Seasonal modulation of phytoplankton biomass in the Southern Ocean},
  author={Arteaga, Lionel A and Boss, Emmanuel and Behrenfeld, Michael J and Westberry, Toby K and Sarmiento, Jorge L},
  journal={Nature Communications},
  volume={11},
  number={1},
  pages={5364},
  year={2020},
  publisher={Nature Publishing Group UK London}
}
@article{weiss1974carbon,
  title={Carbon dioxide in water and seawater: the solubility of a non-ideal gas},
  author={Weiss, R\_F},
  journal={Marine chemistry},
  volume={2},
  number={3},
  pages={203--215},
  year={1974},
  publisher={Elsevier}
}
@article{uchida2019southern,
  title={Southern Ocean phytoplankton blooms observed by biogeochemical floats},
  author={Uchida, Takaya and Balwada, Dhruv and Abernathey, Ryan and Prend, Channing J and Boss, Emmanuel and Gille, Sarah T},
  journal={Journal of Geophysical Research: Oceans},
  volume={124},
  number={11},
  pages={7328--7343},
  year={2019},
  publisher={Wiley Online Library}
}
@article{behrenfeld2019global,
  title={Global satellite-observed daily vertical migrations of ocean animals},
  author={Behrenfeld, Michael J and Gaube, Peter and Della Penna, Alice and O’malley, Robert T and Burt, William J and Hu, Yongxiang and Bontempi, Paula S and Steinberg, Deborah K and Boss, Emmanuel S and Siegel, David A and others},
  journal={Nature},
  volume={576},
  number={7786},
  pages={257--261},
  year={2019},
  publisher={Nature Publishing Group UK London}
}
%SST
@article{hu2009building,
  title={Building an automated integrated observing system to detect sea surface temperature anomaly events in the Florida Keys},
  author={Hu, Chuanmin and Muller-Karger, Frank and Murch, Brock and Myhre, Douglas and Taylor, Judd and Luerssen, Remy and Moses, Christopher and Zhang, Caiyun and Gramer, Lew and Hendee, James},
  journal={IEEE Transactions on Geoscience and Remote Sensing},
  volume={47},
  number={6},
  pages={1607--1620},
  year={2009},
  publisher={IEEE}
}
%xco2
@misc{dlugokencky2021atmospheric,
  title={Atmospheric carbon dioxide dry air mole fractions from the NOAA GML carbon cycle cooperative global air sampling network, 1968--2019},
  author={Dlugokencky, EJ and Mund, JW and Crotwell, AM and Crotwell, MJ and Thoning, KW},
  year={2021},
  publisher={Version}
}
@article{wanninkhof2014relationship,
  title={Relationship between wind speed and gas exchange over the ocean revisited},
  author={Wanninkhof, Rik},
  journal={Limnology and Oceanography: Methods},
  volume={12},
  number={6},
  pages={351--362},
  year={2014},
  publisher={Wiley Online Library}
}

% bbp
@article{stephens2002cloudsat,
  title={The CloudSat mission and the A-Train: A new dimension of space-based observations of clouds and precipitation},
  author={Stephens, Graeme L and Vane, Deborah G and Boain, Ronald J and Mace, Gerald G and Sassen, Kenneth and Wang, Zhien and Illingworth, Anthony J and O'connor, Ewan J and Rossow, William B and Durden, Stephen L and others},
  journal={Bulletin of the American Meteorological Society},
  volume={83},
  number={12},
  pages={1771--1790},
  year={2002},
  publisher={American Meteorological Society}
}
@inproceedings{winker2003accounting,
  title={Accounting for multiple scattering in retrievals from space lidar},
  author={Winker, David M},
  booktitle={12th International Workshop on Lidar Multiple Scattering Experiments},
  volume={5059},
  pages={128--139},
  year={2003},
  organization={SPIE}
}


%研究现状
@article{nakaoka2013estimating,
  title={Estimating temporal and spatial variation of ocean surface pCO2 in the North Pacific using a self-organizing map neural network technique},
  author={Nakaoka, S-i and Telszewski, M and Nojiri, Y and Yasunaka, S and Miyazaki, C and Mukai, H and Usui, N},
  journal={Biogeosciences},
  volume={10},
  number={9},
  pages={6093--6106},
  year={2013},
  publisher={Copernicus GmbH}
}
@article{gregor2017empirical,
  title={Empirical methods for the estimation of Southern Ocean CO 2: support vector and random forest regression},
  author={Gregor, Luke and Kok, Schalk and Monteiro, Pedro},
  journal={Biogeosciences},
  volume={14},
  number={23},
  pages={5551--5569},
  year={2017},
  publisher={Copernicus GmbH}
}
@article{zhang2022carbon,
  title={Carbon Air--Sea Flux in the Arctic Ocean from CALIPSO from 2007 to 2020},
  author={Zhang, Siqi and Chen, Peng and Zhang, Zhenhua and Pan, Delu},
  journal={Remote Sensing},
  volume={14},
  number={24},
  pages={6196},
  year={2022},
  publisher={MDPI}
}

@article{gray2018autonomous,
  title={Autonomous biogeochemical floats detect significant carbon dioxide outgassing in the high-latitude Southern Ocean},
  author={Gray, Alison R and Johnson, Kenneth S and Bushinsky, Seth M and Riser, Stephen C and Russell, Joellen L and Talley, Lynne D and Wanninkhof, Rik and Williams, Nancy L and Sarmiento, Jorge L},
  journal={Geophysical Research Letters},
  volume={45},
  number={17},
  pages={9049--9057},
  year={2018},
  publisher={Wiley Online Library}
}
@article{bushinsky2019reassessing,
  title={Reassessing Southern Ocean air-sea CO2 flux estimates with the addition of biogeochemical float observations},
  author={Bushinsky, Seth M and Landschutzer, Peter and Rodenbeck, Christian and Gray, Alison R and Baker, David and Mazloff, Matthew R and Resplandy, Laure and Johnson, Kenneth S and Sarmiento, Jorge L},
  journal={Global Biogeochemical Cycles},
  volume={33},
  number={11},
  pages={1370--1388},
  year={2019},
  publisher={Wiley Online Library}
}
@article{mackay2022improved,
  title={Improved winter data coverage of the Southern Ocean CO2 sink from extrapolation of summertime observations},
  author={Mackay, Neill and Watson, Andrew J and Suntharalingam, Parvada and Chen, Zhaohui and Landsch{\"u}tzer, Peter},
  journal={Communications Earth \& Environment},
  volume={3},
  number={1},
  pages={265},
  year={2022},
  publisher={Nature Publishing Group UK London}
}

@article{fay2018utilizing,
  title={Utilizing the Drake Passage Time-series to understand variability and change in subpolar Southern Ocean pCO2},
  author={Fay, Amanda R and Lovenduski, Nicole S and McKinley, Galen A and Munro, David R and Sweeney, Colm and Gray, Alison R and Landsch{\"u}tzer, Peter and Stephens, Britton B and Takahashi, Taro and Williams, Nancy},
  journal={Biogeosciences},
  volume={15},
  number={12},
  pages={3841--3855},
  year={2018},
  publisher={Copernicus GmbH}
}


@article{brown2019enhanced,
  title={Enhanced oceanic CO2 uptake along the rapidly changing West Antarctic Peninsula},
  author={Brown, Michael S and Munro, David R and Feehan, Colette J and Sweeney, Colm and Ducklow, Hugh W and Schofield, Oscar M},
  journal={Nature Climate Change},
  volume={9},
  number={9},
  pages={678--683},
  year={2019},
  publisher={Nature Publishing Group UK London}
}
@article{mongwe2016seasonal,
  title={The seasonal cycle as a mode to diagnose biases in modelled CO2 fluxes in the Southern Ocean},
  author={Mongwe, N Precious and Chang, Nicolette and Monteiro, Pedro MS},
  journal={Ocean Modelling},
  volume={106},
  pages={90--103},
  year={2016},
  publisher={Elsevier}
}

@article{mongwe2018seasonal,
  title={The seasonal cycle of pCO2 and CO2 fluxes in the Southern Ocean: diagnosing anomalies in CMIP5 Earth system models},
  author={Mongwe, N Precious and Vichi, Marcello and Monteiro, Pedro MS},
  journal={Biogeosciences},
  volume={15},
  number={9},
  pages={2851--2872},
  year={2018},
  publisher={Copernicus Publications G{\"o}ttingen, Germany}
}

@article{kessler2016southern,
  title={The Southern Ocean as a constraint to reduce uncertainty in future ocean carbon sinks},
  author={Kessler, A and Tjiputra, J},
  journal={Earth System Dynamics},
  volume={7},
  number={2},
  pages={295--312},
  year={2016},
  publisher={Copernicus Publications G{\"o}ttingen, Germany}
}

@article{long2021strong,
  title={Strong Southern Ocean carbon uptake evident in airborne observations},
  author={Long, Matthew C and Stephens, Britton B and McKain, Kathryn and Sweeney, Colm and Keeling, Ralph F and Kort, Eric A and Morgan, Eric J and Bent, Jonathan D and Chandra, Naveen and Chevallier, Frederic and others},
  journal={Science},
  volume={374},
  number={6572},
  pages={1275--1280},
  year={2021},
  publisher={American Association for the Advancement of Science}
}


@article{landschutzer2016decadal,
  title={Decadal variations and trends of the global ocean carbon sink},
  author={Landsch{\"u}tzer, Peter and Gruber, Nicolas and Bakker, Dorothee CE},
  journal={Global Biogeochemical Cycles},
  volume={30},
  number={10},
  pages={1396--1417},
  year={2016},
  publisher={Wiley Online Library}
}
@article{guha2022role,
  title={Role of surface CO2 sources and wind transport on atmospheric CO2 variability over the Bay of Bengal during Southwest Monsoon-using mixing ratio, carbon isotope ratio and model simulated wind field},
  author={Guha, Tania and Ghosh, Subhomoy and Raghava, Yakkala Yagnesh and Bhat, Ganapati Shankar and Ghosh, Prosenjit and Tiwari, Yogesh and Kumar, Kunchala Ravi},
  year={2022}
}

@article{fay2014global,
  title={Global open-ocean biomes: mean and temporal variability},
  author={Fay, AR and McKinley, GA},
  journal={Earth System Science Data},
  volume={6},
  number={2},
  pages={273--284},
  year={2014},
  publisher={Copernicus Publications G{\"o}ttingen, Germany}
}
@article{mao2023reconstructing,
  title={Reconstructing Ocean Subsurface Temperature and Salinity from Sea Surface Information Based on Dual Path Convolutional Neural Networks},
  author={Mao, Kai and Liu, Chang and Zhang, Shaoqing and Gao, Feng},
  journal={Journal of Marine Science and Engineering},
  volume={11},
  number={5},
  pages={1030},
  year={2023},
  publisher={MDPI}
}
@article{le2019estimating,
  title={Estimating summer sea surface pCO2 on a river-dominated continental shelf using a satellite-based semi-mechanistic model},
  author={Le, Chengfeng and Gao, Yiyang and Cai, Wei-Jun and Lehrter, John C and Bai, Yan and Jiang, Zong-Pei},
  journal={Remote Sensing of Environment},
  volume={225},
  pages={115--126},
  year={2019},
  publisher={Elsevier}
}
@article{bai2015mechanistic,
  title={A mechanistic semi-analytical method for remotely sensing sea surface pCO2 in river-dominated coastal oceans: A case study from the East China Sea},
  author={Bai, Yan and Cai, Wei-Jun and He, Xianqiang and Zhai, Weidong and Pan, Delu and Dai, Minhan and Yu, Peisong},
  journal={Journal of Geophysical Research: Oceans},
  volume={120},
  number={3},
  pages={2331--2349},
  year={2015},
  publisher={Wiley Online Library}
}
@article{chen2017estimating,
  title={Estimating surface pCO2 in the northern Gulf of Mexico: Which remote sensing model to use?},
  author={Chen, Shuangling and Hu, Chuanmin and Cai, Wei-Jun and Yang, Bo},
  journal={Continental Shelf Research},
  volume={151},
  pages={94--110},
  year={2017},
  publisher={Elsevier}
}

@article{evans2015sea,
  title={Sea-air CO2 exchange in the western Arctic coastal ocean},
  author={Evans, Wiley and Mathis, Jeremy T and Cross, Jessica N and Bates, Nicholas R and Frey, Karen E and Else, Brent GT and Papkyriakou, Tim N and DeGrandpre, Mike D and Islam, Fakhrul and Cai, Wei-Jun and others},
  journal={Global Biogeochemical Cycles},
  volume={29},
  number={8},
  pages={1190--1209},
  year={2015},
  publisher={Wiley Online Library}
}

%Jena-MLS
@article{rodenbeck2014interannual,
  title={Interannual sea--air CO2 flux variability from an observation-driven ocean mixed-layer scheme},
  author={R{\"o}denbeck, Christian and Bakker, Dorothee CE and Metzl, Nicolas and Olsen, Are and Sabine, Chris and Cassar, Nicolas and Reum, Friedemann and Keeling, Ralph F and Heimann, Martin},
  journal={Biogeosciences},
  volume={11},
  number={17},
  pages={4599--4613},
  year={2014},
  publisher={Copernicus GmbH}
}

@article{MPI_SOMFFN,
  title={Recent variability of the global ocean carbon sink},
  author={Landsch{\"u}tzer, Peter and Gruber, Nicolas and Bakker, Dorothee CE and Schuster, Ute},
  journal={Global Biogeochemical Cycles},
  volume={28},
  number={9},
  pages={927--949},
  year={2014},
  publisher={Wiley Online Library}
}

@article{LSCE_FFNN,
  title={LSCE-FFNN-v1: a two-step neural network model for the reconstruction of surface ocean pCO2 over the global ocean},
  author={Denvil-Sommer, Anna and Gehlen, Marion and Vrac, Mathieu and Mejia, Carlos},
  journal={Geoscientific Model Development},
  volume={12},
  number={5},
  pages={2091--2105},
  year={2019},
  publisher={Copernicus GmbH}
}
@article{CSIR_ML6,
  title={A comparative assessment of the uncertainties of global surface ocean CO2 estimates using a machine-learning ensemble (CSIR-ML6 version 2019a)--have we hit the wall?},
  author={Gregor, Luke and Lebehot, Alice D and Kok, Schalk and Scheel Monteiro, Pedro M},
  journal={Geoscientific Model Development},
  volume={12},
  number={12},
  pages={5113--5136},
  year={2019},
  publisher={Copernicus GmbH}
}

@article{zeng2017evaluation,
  title={Evaluation of three machine learning models for surface ocean CO2 mapping},
  author={Zeng, Jiye and Matsunaga, Tsuneo and Saigusa, Nobuko and Shirai, Tomoko and Nakaoka, Shin-ichiro and Tan, Zheng-Hong},
  journal={Ocean Science},
  volume={13},
  number={2},
  pages={303--313},
  year={2017},
  publisher={Copernicus GmbH}
}

@article{valsala2021observing,
  title={An observing system simulation experiment for Indian Ocean surface pCO2 measurements},
  author={Valsala, Vinu and Sreeush, Mohanan Geethalekshmi and Anju, M and Sreenivas, Pentakota and Tiwari, Yogesh K and Chakraborty, Kunal and Sijikumar, S},
  journal={Progress in Oceanography},
  volume={194},
  pages={102570},
  year={2021},
  publisher={Elsevier}
}

% 大西洋区域？？？

@article{wangxinyi,
  title={高分辨率海水表层二氧化碳分压重构},
  author={王馨仪 and 吴楚仪 and 吴森森 and 陈奕君 and 杜震洪},
  journal={海洋学报},
  volume={45},
  number={3},
  pages={147--158},
  year={2023},
  publisher={海洋学报}
}


@article{tu2021increase,
  title={Increase in CO2 uptake capacity in the Arctic Chukchi Sea during summer revealed by satellite-based estimation},
  author={Tu, Zebin and Le, Chengfeng and Bai, Yan and Jiang, Zongpei and Wu, Yingxu and Ouyang, Zhangxian and Cai, Wei-Jun and Qi, Di},
  journal={Geophysical Research Letters},
  volume={48},
  number={15},
  pages={e2021GL093844},
  year={2021},
  publisher={Wiley Online Library}
}

@article{lenton2013sea,
  title={Sea--air CO 2 fluxes in the Southern Ocean for the period 1990--2009},
  author={Lenton, Andrew and Tilbrook, Bronte and Law, Rachel M and Bakker, D and Doney, Scott C and Gruber, Nicolas and Ishii, Masao and Hoppema, Mario and Lovenduski, Nicole S and Matear, Richard J and others},
  journal={Biogeosciences},
  volume={10},
  number={6},
  pages={4037--4054},
  year={2013},
  publisher={Copernicus GmbH}
}
@article{majkut2014observing,
  title={An observing system simulation for Southern Ocean carbon dioxide uptake},
  author={Majkut, Joseph D and Carter, Brendan R and Fr{\"o}licher, Thomas L and Dufour, Carolina O and Rodgers, Keith B and Sarmiento, Jorge L},
  journal={Philosophical Transactions of the Royal Society A: Mathematical, Physical and Engineering Sciences},
  volume={372},
  number={2019},
  pages={20130046},
  year={2014},
  publisher={The Royal Society Publishing}
}
@article{seferian2012water,
  title={Water mass analysis of effect of climate change on air--sea CO2 fluxes: The Southern Ocean},
  author={S{\'e}f{\'e}rian, Roland and Iudicone, Daniele and Bopp, Laurent and Roy, Tilla and Madec, Gurvan},
  journal={Journal of Climate},
  volume={25},
  number={11},
  pages={3894--3908},
  year={2012},
  publisher={American Meteorological Society}
}
@article{sokolov2009circumpolar,
  title={Circumpolar structure and distribution of the Antarctic Circumpolar Current fronts: 1. Mean circumpolar paths},
  author={Sokolov, Serguei and Rintoul, Stephen R},
  journal={Journal of Geophysical Research: Oceans},
  volume={114},
  number={C11},
  year={2009},
  publisher={Wiley Online Library}
}


@article{stamell2020strengths,
  title={Strengths and weaknesses of three Machine Learning methods for pCO2 interpolation},
  author={Stamell, Jake and Rustagi, Rea R and Gloege, Lucas and McKinley, Galen A},
  journal={Geoscientific Model Development Discussions},
  pages={1--25},
  year={2020},
  publisher={Copernicus GmbH}
}

@Article{Wanninkhof_2013,
AUTHOR = {Wanninkhof, R. and Park, G.-H. and Takahashi, T. and Sweeney, C. and Feely, R. and Nojiri, Y. and Gruber, N. and Doney, S. C. and McKinley, G. A. and Lenton, A. and Le Qu\'er\'e, C. and Heinze, C. and Schwinger, J. and Graven, H. and Khatiwala, S.},
TITLE = {Global ocean carbon uptake: magnitude, variability and trends},
JOURNAL = {Biogeosciences},
VOLUME = {10},
YEAR = {2013},
NUMBER = {3},
PAGES = {1983--2000},
URL = {https://bg.copernicus.org/articles/10/1983/2013/},
DOI = {10.5194/bg-10-1983-2013}
}

@Article{odenbeck_2015_databased,
AUTHOR = {R\"odenbeck, C. and Bakker, D. C. E. and Gruber, N. and Iida, Y. and Jacobson, A. R. and Jones, S. and Landsch\"utzer, P. and Metzl, N. and Nakaoka, S. and Olsen, A. and Park, G.-H. and Peylin, P. and Rodgers, K. B. and Sasse, T. P. and Schuster, U. and Shutler, J. D. and Valsala, V. and Wanninkhof, R. and Zeng, J.},
TITLE = {Data-based estimates of the ocean carbon sink variability –first results of the Surface Ocean pCO2 Mapping intercomparison (SOCOM)},
JOURNAL = {Biogeosciences},
VOLUME = {12},
YEAR = {2015},
NUMBER = {23},
PAGES = {7251--7278},
URL = {https://bg.copernicus.org/articles/12/7251/2015/},
DOI = {10.5194/bg-12-7251-2015}
}

@article{takahashi1997global,
  title={Global air-sea flux of CO2: An estimate based on measurements of sea--air pCO2 difference},
  author={Takahashi, Taro and Feely, Richard A and Weiss, Ray F and Wanninkhof, Rik H and Chipman, David W and Sutherland, Stewart C and Takahashi, Timothy T},
  journal={Proceedings of the National Academy of Sciences},
  volume={94},
  number={16},
  pages={8292--8299},
  year={1997},
  publisher={National Acad Sciences}
}
@article{takahashi1999net,
  title={Net sea-air CO2 flux over the global oceans: An improved estimate based on the sea-air pCO2 difference},
  author={Takahashi, T and Wanninkhof, WH and Feely, RA and Weiss, RF and Chipman, DW and Bates, NR and Olafsson, John and Sabine, CL and Sutherland, SG},
  year={1999},
  publisher={Center for Global Environmental Research, National Institute for~…}
}

@article{takahashi2002global,
  title={Global sea--air CO2 flux based on climatological surface ocean pCO2, and seasonal biological and temperature effects},
  author={Takahashi, Taro and Sutherland, Stewart C and Sweeney, Colm and Poisson, Alain and Metzl, Nicolas and Tilbrook, Bronte and Bates, Nicolas and Wanninkhof, Rik and Feely, Richard A and Sabine, Christopher and others},
  journal={Deep Sea Research Part II: Topical Studies in Oceanography},
  volume={49},
  number={9-10},
  pages={1601--1622},
  year={2002},
  publisher={Elsevier}
}
@article{park2010variability,
  title={Variability of global net sea--air CO2 fluxes over the last three decades using empirical relationships},
  author={Park, Geun-Ha and Wanninkhof, RIK and Doney, Scott and Takahashi, Taro and Lee, Kitack and Feely, Richard and Sabine, Christopher and Trin~ anes, Joaquin and Lima, Ivan},
  journal={Tellus B: Chemical and Physical Meteorology},
  volume={62},
  number={5},
  pages={352--368},
  year={2010},
  publisher={Taylor \& Francis}
}
@article{abou2018xgboost,
  title={XGBoost and LGBM for Porto Seguro’s Kaggle challenge: A comparison},
  author={Abou Omar, Kamil Belkhayat},
  journal={Preprint Semester Project},
  year={2018}
}

@article{dhaliwal2018effective,
  title={Effective intrusion detection system using XGBoost},
  author={Dhaliwal, Sukhpreet Singh and Nahid, Abdullah-Al and Abbas, Robert},
  journal={Information},
  volume={9},
  number={7},
  pages={149},
  year={2018},
  publisher={MDPI}
}
@article{gloege2022improved,
  title={Improved quantification of ocean carbon uptake by using machine learning to merge global models and pCO2 data},
  author={Gloege, Lucas and Yan, Monica and Zheng, Tian and McKinley, Galen A},
  journal={Journal of Advances in Modeling Earth Systems},
  volume={14},
  number={2},
  pages={e2021MS002620},
  year={2022},
  publisher={Wiley Online Library}
}
@article{joshi2022modeling,
  title={Modeling the sea-surface pCO2 of the central Bay of Bengal region using machine learning algorithms},
  author={Joshi, AP and Kumar, V and Warrior, HV},
  journal={Ocean Modelling},
  volume={178},
  pages={102094},
  year={2022},
  publisher={Elsevier}
}
@article{song2023construction,
  title={Construction of a high spatiotemporal resolution dataset of satellite-derived pCO2 and air-sea CO2 flux in the South China Sea (2003-2019)},
  author={Song, Zigeng and Yu, Shujie and Bai, Yan and Guo, Xianghui and He, Xianqiang and Zhai, Weidong and Dai, Minhan},
  journal={IEEE Transactions on Geoscience and Remote Sensing},
  year={2023},
  publisher={IEEE}
}
@article{CHEN2019203,
title = {A machine learning approach to estimate surface ocean pCO2 from satellite measurements},
journal = {Remote Sensing of Environment},
volume = {228},
pages = {203-226},
year = {2019},
issn = {0034-4257},
doi = {https://doi.org/10.1016/j.rse.2019.04.019},
url = {https://www.sciencedirect.com/science/article/pii/S0034425719301646},
author = {Shuangling Chen and Chuanmin Hu and Brian B. Barnes and Rik Wanninkhof and Wei-Jun Cai and Leticia Barbero and Denis Pierrot},
}


@article{zeng2014global,
  title={A global surface ocean fCO2 climatology based on a feed-forward neural network},
  author={Zeng, J and Nojiri, Y and Landsch{\"u}tzer, P and Telszewski, M and Nakaoka, S-I},
  journal={Journal of Atmospheric and Oceanic Technology},
  volume={31},
  number={8},
  pages={1838--1849},
  year={2014}
}
@article{zeng2022surface,
  title={Surface ocean CO2 concentration and air-sea flux estimate by machine learning with modelled variable trends},
  author={Zeng, Jiye and Iida, Yosuke and Matsunaga, Tsuneo and Shirai, Tomoko},
  journal={Frontiers in Marine Science},
  volume={9},
  pages={989233},
  year={2022},
  publisher={Frontiers Media SA}
}

@article{zhongguorong,
  title={基于广义回归神经网络的全球表层海水 1°×1° 二氧化碳分压数据推演},
  author={钟国荣 and 李学刚 and 曲宝晓 and 王彦俊 and 袁华茂 and 宋金明},
  journal={海洋学报},
  volume={42},
  number={10},
  pages={70--79},
  year={2020},
  publisher={海洋学报}
}


% 1. 绪论 部分
@article{ HBHH201803001,
author = { 马毅 and 张杰 and 张靖宇 and 张震 and 王锦锦 },
title = {浅海水深光学遥感研究进展},
journal = {海洋科学进展},
volume = {36},
number = {331-351},
year = {2018},
issn = {1671-6647},
}

 @article{CALIPSO_2009,  
 title={Overview of the CALIPSO Mission and CALIOP Data Processing Algorithms}, 
 url={http://dx.doi.org/10.1175/2009jtecha1281.1}, 
 DOI={10.1175/2009jtecha1281.1}, 
 journal={Journal of Atmospheric and Oceanic Technology}, 
 author={Winker, David M. and Vaughan, Mark A. and Omar, Ali and Hu, Yongxiang and Powell, Kathleen A. and Liu, Zhaoyan and Hunt, William H. and Young, Stuart A.}, 
 year={2009}, 
 month={11}, 
 pages={2310–2323}, 
 language={en-US} 
 }

 @article{bbp_Annual_2017,  
 title={Annual boom–bust cycles of polar phytoplankton biomass revealed by space-based lidar}, 
 volume={10}, 
 url={http://dx.doi.org/10.1038/ngeo2861}, 
 DOI={10.1038/ngeo2861}, 
 number={2}, 
 journal={Nature Geoscience}, 
 author={Behrenfeld, Michael J. and Hu, Yongxiang and O’Malley, Robert T. and Boss, Emmanuel S. and Hostetler, Chris A. and Siegel, David A. and Sarmiento, Jorge L. and Schulien, Jennifer and Hair, Johnathan W. and Lu, Xiaomei and Rodier, Sharon and Scarino, Amy Jo}, 
 year={2017}, 
 month={2}, 
 pages={118–122}, 
 language={en-US} 
 }



@article{clargo2015rapid,
  title={Rapid increase of observed DIC and pCO2 in the surface waters of the North Sea in the 2001-2011 decade ascribed to climate change superimposed by biological processes},
  author={Clargo, Nicola M and Salt, Lesley A and Thomas, Helmuth and De Baar, Hein JW},
  journal={Marine Chemistry},
  volume={177},
  pages={566--581},
  year={2015},
  publisher={Elsevier}
}

@article{ 周洁_2014,
author = { 周洁 and 余克服 and 施祺 },
title = {pCO2增加引起的海洋酸化对造礁珊瑚光合效率的影响},
journal = {海洋与湖沼},
volume = {45},
number = {39-51},
year = {2014},
issn = {0029-814X},
}


@conference{ 陈鑫2012,
author = { 陈鑫 and 宋金明 and 李学刚and 袁华茂 and 李宁 and 段丽琴 },
title = {从典型pCO2高/低值海区特征剖析海洋中CO2体系的影响机制},
booktitle = {中国海洋湖沼学会第十次全国会员代表大会暨学术研讨会论文集},
year = {2012},
pages = {28-29},
publisher = {中国科学院海洋研究所生态与环境科学重点实验室;中国科学院大学;}
}

@article{lefevre2002estimating,
  title={Estimating pCO2 from sea surface temperatures in the Atlantic gyres},
  author={Lef{\`e}vre, Nathalie and Taylor, Arnold},
  journal={Deep Sea Research Part I: Oceanographic Research Papers},
  volume={49},
  number={3},
  pages={539--554},
  year={2002},
  publisher={Elsevier}
}


@article{ 海水酸化对海洋生物影响的研究进展,
author = { 孙珮琦 and 杨济淞 and 秦玉雪 and 崔久儒 and 薛佳欣 and 陈雷 },
title = {海水酸化对海洋生物影响的研究进展},
journal = {中南农业科技},
volume = {44},
number = {231-236},
year = {2023},
issn = {2097-2083},
}

@mastersthesis { 升温耦合酸化对大型海藻灾害种氮响应与吸收机制研究,
author = { 陈江 },
title = {升温耦合酸化对大型海藻灾害种氮响应与吸收机制研究},
school = {江苏海洋大学},
year = {2022}
}


@mastersthesis { 苏茜2017,
author = { 苏茜 },
title = {海水二氧化碳分压、pH及氮源的变动对三角褐指藻和假微型海链藻的影响},
school = {厦门大学},
year = {2017}
}


@article{2021Global,
  title={Global Carbon Budget 2021},
  author={ Friedlingstein, Pierre  and  Jones, Matthew  and  Osullivan, Michael  and  Zeng, Jiye },
  year={2021},
}

@article{陈立奇2004北极地区碳循环研究意义和展望,
  title={北极地区碳循环研究意义和展望},
  author={陈立奇 and 高众勇 and 杨绪林 and 詹力杨},
  journal={极地研究},
  volume={16},
  number={3},
  pages={171},
  year={2004}
}

@article{khatiwala2009reconstruction,
  title={Reconstruction of the history of anthropogenic CO2 concentrations in the ocean},
  author={Khatiwala, Samar and Primeau, Francois and Hall, T},
  journal={Nature},
  volume={462},
  number={7271},
  pages={346--349},
  year={2009},
  publisher={Nature Publishing Group UK London}
}

@article{devries2014oceanic,
  title={The oceanic anthropogenic CO2 sink: Storage, air-sea fluxes, and transports over the industrial era},
  author={DeVries, Tim},
  journal={Global Biogeochemical Cycles},
  volume={28},
  number={7},
  pages={631--647},
  year={2014},
  publisher={Wiley Online Library}
}

@article{hauck2013seasonally,
  title={Seasonally different carbon flux changes in the Southern Ocean in response to the southern annular mode},
  author={Hauck, Judith and V{\"o}lker, Christoph and Wang, Tingting and Hoppema, Mario and Losch, Martin and Wolf-Gladrow, Dieter A},
  journal={Global Biogeochemical Cycles},
  volume={27},
  number={4},
  pages={1236--1245},
  year={2013},
  publisher={Wiley Online Library}
}

@Article{Global_Carbon_Budget_2022,
AUTHOR = {Friedlingstein, P. and O'Sullivan, M. and Jones, M. W. and Andrew, R. M. and Gregor, L. and Hauck, J. and Le Qu\'er\'e, C. and Luijkx, I. T. and Olsen, A. and Peters, G. P. and Peters, W. and Pongratz, J. and Schwingshackl, C. and Sitch, S. and Canadell, J. G. and Ciais, P. and Jackson, R. B. and Alin, S. R. and Alkama, R. and Arneth, A. and Arora, V. K. and Bates, N. R. and Becker, M. and Bellouin, N. and Bittig, H. C. and Bopp, L. and Chevallier, F. and Chini, L. P. and Cronin, M. and Evans, W. and Falk, S. and Feely, R. A. and Gasser, T. and Gehlen, M. and Gkritzalis, T. and Gloege, L. and Grassi, G. and Gruber, N. and G\"urses, \"O. and Harris, I. and Hefner, M. and Houghton, R. A. and Hurtt, G. C. and Iida, Y. and Ilyina, T. and Jain, A. K. and Jersild, A. and Kadono, K. and Kato, E. and Kennedy, D. and Klein Goldewijk, K. and Knauer, J. and Korsbakken, J. I. and Landsch\"utzer, P. and Lef\`evre, N. and Lindsay, K. and Liu, J. and Liu, Z. and Marland, G. and Mayot, N. and McGrath, M. J. and Metzl, N. and Monacci, N. M. and Munro, D. R. and Nakaoka, S.-I. and Niwa, Y. and O'Brien, K. and Ono, T. and Palmer, P. I. and Pan, N. and Pierrot, D. and Pocock, K. and Poulter, B. and Resplandy, L. and Robertson, E. and R\"odenbeck, C. and Rodriguez, C. and Rosan, T. M. and Schwinger, J. and S\'ef\'erian, R. and Shutler, J. D. and Skjelvan, I. and Steinhoff, T. and Sun, Q. and Sutton, A. J. and Sweeney, C. and Takao, S. and Tanhua, T. and Tans, P. P. and Tian, X. and Tian, H. and Tilbrook, B. and Tsujino, H. and Tubiello, F. and van der Werf, G. R. and Walker, A. P. and Wanninkhof, R. and Whitehead, C. and Willstrand Wranne, A. and Wright, R. and Yuan, W. and Yue, C. and Yue, X. and Zaehle, S. and Zeng, J. and Zheng, B.},
TITLE = {Global Carbon Budget 2022},
JOURNAL = {Earth System Science Data},
VOLUME = {14},
YEAR = {2022},
NUMBER = {11},
PAGES = {4811--4900},
URL = {https://essd.copernicus.org/articles/14/4811/2022/},
DOI = {10.5194/essd-14-4811-2022}
}

@article{landschutzer2015reinvigoration,
  title={The reinvigoration of the Southern Ocean carbon sink},
  author={Landsch{\"u}tzer, Peter and Gruber, Nicolas and Haumann, F Alexander and R{\"o}denbeck, Christian and Bakker, Dorothee CE and Van Heuven, Steven and Hoppema, Mario and Metzl, Nicolas and Sweeney, Colm and Takahashi, Taro and others},
  journal={Science},
  volume={349},
  number={6253},
  pages={1221--1224},
  year={2015},
  publisher={American Association for the Advancement of Science}
}

%线性模型
 @article{JMA_MLR,  
 title={Global trends of ocean CO2 sink and ocean acidification: an observation-based reconstruction of surface ocean inorganic carbon variables}, 
 url={http://dx.doi.org/10.1007/s10872-020-00571-5}, 
 DOI={10.1007/s10872-020-00571-5}, 
 journal={Journal of Oceanography}, 
 author={Iida, Yosuke and Takatani, Yusuke and Kojima, Atsushi and Ishii, Masao}, 
 year={2021}, 
 month={4}, 
 pages={323–358}, 
 language={en-US} 
 }

%线性回归
@article{Multiple_Linear_Regression,
  title={A Multiple Linear Regression of pCO2 against Sea Surface Temperature, Salinity, and Chlorophyll a at Station BATS and its Potential for Estimate pCO2 from Satellite Data},
  author={ Jr, Lee Smalls  and  Reid, My Asia },
}

%经验算法，
@article{empirical_estimate,
author = {McNeil, Ben I. and Metzl, Nicolas and Key, Robert M. and Matear, Richard J. and Corbiere, Antoine},
title = {An empirical estimate of the Southern Ocean air-sea CO2 flux},
journal = {Global Biogeochemical Cycles},
volume = {21},
number = {3},
pages = {},
doi = {https://doi.org/10.1029/2007GB002991},
url = {https://agupubs.onlinelibrary.wiley.com/doi/abs/10.1029/2007GB002991},
eprint = {https://agupubs.onlinelibrary.wiley.com/doi/pdf/10.1029/2007GB002991},
year = {2007}
}


% 神经网络
@article{friedrich2009neural,
  title={Neural network-based estimates of North Atlantic surface pCO2 from satellite data: A methodological study},
  author={Friedrich, Tobias and Oschlies, Andreas},
  journal={Journal of Geophysical Research: Oceans},
  volume={114},
  number={C3},
  year={2009},
  publisher={Wiley Online Library}
}
% 神经网络
@article{ HYFZ202306005,
author = { 高宇 and 李爽 and 郝鹏 and 宋金宝 },
title = {基于ST-ConvLSTM的南海海表面CO2分压的空间和时间序列预测},
journal = {海洋与湖沼},
volume = {54},
number = {1573-1585},
year = {2023},
issn = {0029-814X},
}

 @article{machine_learning_chen_2019,  
 title={A machine learning approach to estimate surface ocean pCO2 from satellite measurements}, 
 volume={228}, 
 url={http://dx.doi.org/10.1016/j.rse.2019.04.019}, 
 DOI={10.1016/j.rse.2019.04.019}, 
 journal={Remote Sensing of Environment}, 
 author={Chen, Shuangling and Hu, Chuanmin and Barnes, Brian B. and Wanninkhof, Rik and Cai, Wei-Jun and Barbero, Leticia and Pierrot, Denis}, 
 year={2019}, 
 month={7}, 
 pages={203–226}, 
 language={en-US} 
 }

 @article{machine_learning_Bennington_2022,  
 title={Explicit Physical Knowledge in Machine Learning for Ocean Carbon Flux Reconstruction: The pCO2-Residual Method}, 
 volume={14}, 
 url={http://dx.doi.org/10.1029/2021ms002960}, 
 DOI={10.1029/2021ms002960}, 
 number={10}, 
 journal={Journal of Advances in Modeling Earth Systems}, 
 author={Bennington, Val and Galjanic, Tomislav and McKinley, Galen A.}, 
 year={2022}, 
 month={10}, 
 language={en-US} 
 }

% 大气-海洋耦合模型，
 @article{Matear_Hirst_2012,  
 title={Climate change feedback on the future oceanic CO2 uptake}, 
 volume={51}, 
 url={http://dx.doi.org/10.3402/tellusb.v51i3.16472}, 
 DOI={10.3402/tellusb.v51i3.16472}, 
 number={3}, 
 journal={Tellus B: Chemical and Physical Meteorology}, 
 author={Matear, Richard J. and Hirst, Anthony C.}, 
 year={2012}, 
 month={12}, 
 pages={722}, 
 language={en-US} 
 }

%socat引用
@article{socat2016,
  title={A multi-decade record of high-quality fCO2 data in version 3 of the Surface Ocean CO2 Atlas (SOCAT)},
  author={ Bakker, Dorothee C. E.  and  Pfeil, Benjamin  and  Landa, Camilla S.  and  Metzl, Nicolas  and  Xu, Suqing },
  journal={Earth System Science Data},
  volume={8},
  number={2},
  pages={383-413},
  year={2016},
}



%插值
@article{2012Spatio,
  title={Spatio-temporal Variability in Surface Ocean pCO2 Inferred from Observations},
  author={ Jones, Steve },
  journal={Spatio-temporal Variability inSurface Ocean pCO2 Inferred fromObservations},
  year={2012},
}

 
  @inbook{Garbe_2014,  
 title={Transfer Across the Air-Sea Interface}, 
 url={http://dx.doi.org/10.1007/978-3-642-25643-1\_2}, 
 DOI={10.1007/978-3-642-25643-1\_2}, 
 booktitle={Ocean-Atmosphere Interactions of Gases and Particles,Springer Earth System Sciences}, 
 author={Garbe, Christoph S. and Rutgersson, Anna and Boutin, Jacqueline and de Leeuw, Gerrit and Delille, Bruno and Fairall, Christopher W. and Gruber, Nicolas and Hare, Jeffrey and Ho, David T. and Johnson, Martin T. and Nightingale, Philip D. and Pettersson, Heidi and Piskozub, Jacek and Sahlée, Erik and Tsai, Wu-ting and Ward, Brian and Woolf, David K. and Zappa, Christopher J.}, 
 year={2014}, 
 month={1}, 
 pages={55–112}, 
 language={en-US} 
 }
 
  @unpublished{Harmonization_2021,  
 title={Harmonization of global surface ocean pCO2 mapped products and their flux calculations; an improved estimate of the ocean carbon sink}, 
 url={http://dx.doi.org/10.5194/essd-2021-16}, 
 DOI={10.5194/essd-2021-16}, 
 author={Fay, Amanda R. and Gregor, Luke and Landschützer, Peter and McKinley, Galen A. and Gruber, Nicolas and Gehlen, Marion and Iida, Yosuke and Laruelle, Goulven G. and Rödenbeck, Christian and Zeng, Jiye}, 
 year={2021}, 
 month={3}, 
 language={en-US} 
 }




@article{2016XGBoost,
  title={XGBoost: A Scalable Tree Boosting System},
  author={ Chen, Tianqi  and  Guestrin, Carlos },
  journal={ACM},
  year={2016},
}

 @article{Atlas_Hoffman_Ardizzone_Leidner_Jusem_Smith_Gombos_2011,  
 title={A Cross-calibrated, Multiplatform Ocean Surface Wind Velocity Product for Meteorological and Oceanographic Applications}, 
 volume={92}, 
 url={http://dx.doi.org/10.1175/2010bams2946.1}, 
 DOI={10.1175/2010bams2946.1}, 
 number={2}, 
 journal={Bulletin of the American Meteorological Society}, 
 author={Atlas, Robert and Hoffman, Ross N. and Ardizzone, Joseph and Leidner, S. Mark and Jusem, Juan Carlos and Smith, Deborah K. and Gombos, Daniel}, 
 year={2011}, 
 month={2}, 
 pages={157–174}, 
 language={en-US} 
 }


@article{Khatiwala_Primeau_Hall_2009,   
title={Reconstruction of the history of anthropogenic CO2 concentrations in the ocean},  
volume={462},  
url={http://dx.doi.org/10.1038/nature08526},  
DOI={10.1038/nature08526},  
number={7271},  
journal={Nature},  
author={Khatiwala, S. and Primeau, F. and Hall, T.},  
year={2009},  month={11},  pages={346–349},  
language={en-US}  }

@article{2013Space,
  title={Space-based lidar measurements of global ocean carbon stocks},
  author={ Behrenfeld, Michael J.  and  Hu, Yongxiang  and  Hostetler, Chris A.  and  Dall"Olmo, Giorgio  and  Rodier, Sharon D.  and  Hair, John W.  and  Trepte, Charles R. },
  journal={Geophysical Research Letters},
  volume={40},
  number={16},
  pages={4355-4360},
  year={2013},
}

@article{2014Global,
  title={Global open-ocean biomes: mean and temporal variability},
  author={ Fay, A. R.  and  Mckinley, G. A. },
  journal={Earth System Science Data,6,2(2014-08-21)},
  volume={6},
  number={1},
  pages={107-128},
  year={2014},
}


@article{ DXJZ201204005,
author = {马浩 and 王召民 and 史久新 },
title = {南大洋物理过程在全球气候系统中的作用},
journal = {地球科学进展},
volume = {27},
number = {398-412},
year = {2012},
issn = {1001-8166},
}



@article{2023Trends,
  title={Trends and variability in the ocean carbon sink},
  author={ Gruber, N.  and  Bakker, D.  and  Devries, T.  and  Gregor, L.  and  Hauck, J.  and P. Landschützer and  Mckinley, G.  and J. Müller},
  journal={Nature Reviews Earth & Environment},
  volume={4},
  pages={119 - 134},
  year={2023},
}

@article{JDYZ200901008,
 author = {孙恒 and 高众勇},
 title = {南大洋海-气CO2通量研究进展},
 journal = {极地研究},
 volume = {21},
 number = {60-68},
 year = {2009},
 issn = {1007-7073},
 doi ={}
 }


@article{JDYZ201604013,
 author = {陈静 and 陆志波},
 title = {1979—2013年南大洋海冰变化特征及与典型气候变化因子的相关性分析},
 journal = {极地研究},
 volume = {28},
 number = {539-547},
 year = {2016},
 issn = {1007-7073},
 doi ={10.13679/j.jdyj.2016.4.539}
 }


@article{JDYZ201603011,
 author = {肖钲霖 and 高众勇 and 孙恒},
 title = {南大洋表层海水酸化研究进展},
 journal = {极地研究},
 volume = {28},
 number = {390-399},
 year = {2016},
 issn = {1007-7073},
 doi ={10.13679/j.jdyj.2016.3.390}
 }

@article{SJKF200204011,
 author = {高众勇 and 陈立奇},
 title = {南大洋碳循环研究进展},
 journal = {世界科技研究与发展},
 volume = {},
 number = {41-48},
 year = {2002},
 issn = {1006-6055},
 doi ={10.16507/j.issn.1006-6055.2002.04.012}
 }

@article{JDYZ200702007,
 author = {许苏清 , 陈立奇},
 title = {利用卫星数据估算南大洋海-气CO2通量的展望},
 journal = {极地研究},
 volume = {},
 number = {151-157},
 year = {2007},
 issn = {1007-7073},
 doi ={}
 }


 @article{2008_nature_carbon,  
 title={High-resolution carbon dioxide concentration record 650,000–800,000 years before present}, 
 url={http://dx.doi.org/10.1038/nature06949}, 
 DOI={10.1038/nature06949}, 
 journal={Nature}, 
 author={Lüthi, Dieter and Le Floch, Martine and Bereiter, Bernhard and Blunier, Thomas and Barnola, Jean-Marc and Siegenthaler, Urs and Raynaud, Dominique and Jouzel, Jean and Fischer, Hubertus and Kawamura, Kenji and Stocker, Thomas F.}, 
 year={2008}, 
 month={5}, 
 pages={379–382}, 
 language={en-US} 
 }


@article{budget2023global,
  title={Global Carbon Budget 2023},
  author={Budget, Global Carbon},
  year={2023},
  publisher={GCB: Global Carbon Budget}
}


@article{lan2024trends,
  author = {Lan, X. and Tans, P. and Thoning, K. W.},
  title = {Trends in globally-averaged {CO2} determined from {NOAA} Global Monitoring Laboratory measurements},
  journal = {},
  year = {2024},
  note = {Version 2024-01},
  url = {https://doi.org/10.15138/9N0H-ZH07},
  doi = {10.15138/9N0H-ZH07}
}


 @article{Sabine_2004,  
 title={The Oceanic Sink for Anthropogenic CO2}, 
 url={http://dx.doi.org/10.1126/science.1097403}, 
 DOI={10.1126/science.1097403}, 
 journal={Science}, 
 author={Sabine, Christopher L. and Feely, Richard A. and Gruber, Nicolas and Key, Robert M. and Lee, Kitack and Bullister, John L. and Wanninkhof, Rik and Wong, C. S. and Wallace, Douglas W. R. and Tilbrook, Bronte and Millero, Frank J. and Peng, Tsung-Hung and Kozyr, Alexander and Ono, Tsueno and Rios, Aida F.}, 
 year={2004}, 
 month=Jul, 
 pages={367–371}, 
 language={en-US} 
 }

 @article{RASOOL_DE_BERGH_1970,  
 title={The Runaway Greenhouse and the Accumulation of CO2 in the Venus Atmosphere}, 
 volume={226}, 
 url={http://dx.doi.org/10.1038/2261037a0}, 
 DOI={10.1038/2261037a0}, 
 number={5250}, 
 journal={Nature}, 
 author={RASOOL, S. I. and DE BERGH, C.}, 
 year={1970}, 
 month={6}, 
 pages={1037–1039}, 
 language={en-US} 
 }



@article{Haines_2003,  
 title={Climate change 2001: the scientific basis. Contribution of Working Group 1 to the Third Assessment report of the Intergovernmental Panel on Climate Change [Book review]}, 
 author={Haines, Andy}, 
 year={2003}, 
 month={1}, 
 language={en-US} 
 }




% 2. 研究区域内容


@article{ JDYZ200103003,
author = { 高众勇，陈立奇，王伟强 },
title = {南大洋二氧化碳源汇分布及其海-气通量研究},
journal = {极地研究},
number = {175-186},
year = {2001},
issn = {1007-7073},
}

@article{ZKJZ200907010,
 author = {许苏清 and 陈立奇},
 title = {利用卫星数据分析南大洋夏季表层水叶绿素和温盐年际分布特征},
 journal = {自然科学进展},
 volume = {19},
 number = {760-767},
 year = {2009},
 issn = {1002-008X},
 doi ={}
 }

@article{DXJZ200301019,
author = {陈立奇}, 
title = {南极地区与全球变化集成研究展望}, 
journal = {地球科学进展}, 
volume = {}, 
number = {133-137}, 
year = {2003}, 
issn = {1001-8166}, 
doi ={} 
}

@www{zjuthesisrules,
    title = {浙江大学本科生毕业论文（设计）编写规则},
    author = {浙江大学本科生院},
    year = {2018},
    url = {http://bksy.zju.edu.cn/attachments/2018-01/01-1517384518-1149149.pdf},
}
@www{tikz,
    title = {tikz宏包},
    author = {Till Tantau},
    year = {2018},
    url = {https://sourceforge.net/projects/pgf/},
}
@www{zjuthesis,
    title = {浙江大学毕业设计/论文模板},
    author = {王子轩},
    year = {2019},
    url = {https://github.com/TheNetAdmin/zjuthesis},
}
@www{zjugradthesisrules,
    title = {浙江大学研究生学位论文编写规则},
    author = {浙江大学研究生院},
    year = {2008},
    url = {http://grs.zju.edu.cn/redir.php?catalog\_id=10038&object\_id=12877},
}